%YAML 1.1
%TAG !u! tag:unity3d.com,2011:
--- !u!1 &5491673637052450766
GameObject:
  m_ObjectHideFlags: 0
  m_CorrespondingSourceObject: {fileID: 0}
  m_PrefabInstance: {fileID: 0}
  m_PrefabAsset: {fileID: 0}
  serializedVersion: 6
  m_Component:
  - component: {fileID: 5491673637052450765}
  - component: {fileID: 5491673637052450763}
  - component: {fileID: -6243089753680303084}
  - component: {fileID: 8796697694371952361}
  - component: {fileID: 3999273269891832560}
  m_Layer: 12
  m_Name: PFB_WEAPON_FlashMob
  m_TagString: Untagged
  m_Icon: {fileID: 0}
  m_NavMeshLayer: 0
  m_StaticEditorFlags: 0
  m_IsActive: 1
--- !u!4 &5491673637052450765
Transform:
  m_ObjectHideFlags: 0
  m_CorrespondingSourceObject: {fileID: 0}
  m_PrefabInstance: {fileID: 0}
  m_PrefabAsset: {fileID: 0}
  m_GameObject: {fileID: 5491673637052450766}
  m_LocalRotation: {x: 0, y: 0, z: 0, w: 1}
  m_LocalPosition: {x: 0, y: 0, z: 0}
  m_LocalScale: {x: 1, y: 1, z: 1}
  m_Children: []
  m_Father: {fileID: 0}
  m_RootOrder: 0
  m_LocalEulerAnglesHint: {x: 0, y: 0, z: 0}
--- !u!212 &5491673637052450763
SpriteRenderer:
  m_ObjectHideFlags: 0
  m_CorrespondingSourceObject: {fileID: 0}
  m_PrefabInstance: {fileID: 0}
  m_PrefabAsset: {fileID: 0}
  m_GameObject: {fileID: 5491673637052450766}
  m_Enabled: 1
  m_CastShadows: 0
  m_ReceiveShadows: 0
  m_DynamicOccludee: 1
  m_MotionVectors: 1
  m_LightProbeUsage: 1
  m_ReflectionProbeUsage: 1
  m_RayTracingMode: 0
  m_RayTraceProcedural: 0
  m_RenderingLayerMask: 1
  m_RendererPriority: 0
  m_Materials:
  - {fileID: 10754, guid: 0000000000000000f000000000000000, type: 0}
  m_StaticBatchInfo:
    firstSubMesh: 0
    subMeshCount: 0
  m_StaticBatchRoot: {fileID: 0}
  m_ProbeAnchor: {fileID: 0}
  m_LightProbeVolumeOverride: {fileID: 0}
  m_ScaleInLightmap: 1
  m_ReceiveGI: 1
  m_PreserveUVs: 0
  m_IgnoreNormalsForChartDetection: 0
  m_ImportantGI: 0
  m_StitchLightmapSeams: 1
  m_SelectedEditorRenderState: 0
  m_MinimumChartSize: 4
  m_AutoUVMaxDistance: 0.5
  m_AutoUVMaxAngle: 89
  m_LightmapParameters: {fileID: 0}
  m_SortingLayerID: -867107695
  m_SortingLayer: 10
  m_SortingOrder: 0
  m_Sprite: {fileID: 10905, guid: 0000000000000000f000000000000000, type: 0}
  m_Color: {r: 0.21292463, g: 0.6792453, b: 0.05446779, a: 1}
  m_FlipX: 0
  m_FlipY: 0
  m_DrawMode: 0
  m_Size: {x: 0.16, y: 0.16}
  m_AdaptiveModeThreshold: 0.5
  m_SpriteTileMode: 0
  m_WasSpriteAssigned: 1
  m_MaskInteraction: 0
  m_SpriteSortPoint: 0
--- !u!114 &-6243089753680303084
MonoBehaviour:
  m_ObjectHideFlags: 0
  m_CorrespondingSourceObject: {fileID: 0}
  m_PrefabInstance: {fileID: 0}
  m_PrefabAsset: {fileID: 0}
  m_GameObject: {fileID: 5491673637052450766}
  m_Enabled: 1
  m_EditorHideFlags: 0
  m_Script: {fileID: 11500000, guid: fef8aaf2b1b2a8e49a935a393d094b75, type: 3}
  m_Name: 
  m_EditorClassIdentifier: 
  canShoot: 1
  player: {fileID: 0}
  playerGO: {fileID: 0}
  prefabDirectionalAttack: {fileID: 5491673637052450766}
  prefabDodgeAttack: {fileID: 5491673637052450766}
  prefabMeleeAttack: {fileID: 4683585313375719443, guid: 694e465f805fa464b9bb9bce5f1f967e, type: 3}
--- !u!114 &8796697694371952361
MonoBehaviour:
  m_ObjectHideFlags: 0
  m_CorrespondingSourceObject: {fileID: 0}
  m_PrefabInstance: {fileID: 0}
  m_PrefabAsset: {fileID: 0}
  m_GameObject: {fileID: 5491673637052450766}
  m_Enabled: 1
  m_EditorHideFlags: 0
  m_Script: {fileID: 11500000, guid: 4aabf5a66e9396940baf644c25eba7a3, type: 3}
  m_Name: 
  m_EditorClassIdentifier: 
  attackrange: 5
  attackTime: 0.3
  chargetime: 0.175
  cooldown: 0.24
  displayName: 'Wooom '
  dmg: 23.7
  hideFromGamedesigners: 0
  opponents: []
  player: {fileID: 0}
  speed: 16.666666
  stopsMovement: 0
  AnnimationTrigger: 
  endIndestructability: 0.1
  startIndestructability: 0.4
  test: {x: 0, y: 0, z: 0}
--- !u!114 &3999273269891832560
MonoBehaviour:
  m_ObjectHideFlags: 0
  m_CorrespondingSourceObject: {fileID: 0}
  m_PrefabInstance: {fileID: 0}
  m_PrefabAsset: {fileID: 0}
  m_GameObject: {fileID: 5491673637052450766}
  m_Enabled: 1
  m_EditorHideFlags: 0
  m_Script: {fileID: 11500000, guid: 973205057146ce54e94fc5c0dd50e151, type: 3}
  m_Name: 
  m_EditorClassIdentifier: 
  attackrange: 10
  attackTime: 0.5
  chargetime: 0
  cooldown: 0.2
  displayName: Shootiboy
  dmg: 30
  hideFromGamedesigners: 0
  opponents: []
  player: {fileID: 0}
  speed: 20
  stopsMovement: 0
  AnnimationTrigger: ARFP
  direction: {x: 0, y: 0}
  inversed: 1
  prefabBullet: {fileID: 1852795432162581578, guid: 510daf558ab495c4fb8ee235d0ad4b49, type: 3}
